<record><leader>00000cas a2200000 a 4500</leader><controlfield tag="001">24833696</controlfield><controlfield tag="008">911121d19161917iluwr ne      0   a0eng c</controlfield><datafield ind1=" " ind2=" " tag="010"><subfield code="a">sn 91054742 </subfield></datafield><datafield ind1=" " ind2=" " tag="040"><subfield code="a">NVF</subfield><subfield code="b">eng</subfield><subfield code="c">NVF</subfield><subfield code="d">OCLCQ</subfield><subfield code="d">NVF</subfield><subfield code="d">OCLCQ</subfield><subfield code="d">NVF</subfield><subfield code="d">OCLCO</subfield><subfield code="d">OCLCF</subfield></datafield><datafield ind1="1" ind2=" " tag="029"><subfield code="a">AU@</subfield><subfield code="b">000025875153</subfield></datafield><datafield ind1=" " ind2=" " tag="042"><subfield code="a">pcc</subfield></datafield><datafield ind1=" " ind2=" " tag="043"><subfield code="a">n-us-il</subfield></datafield><datafield ind1="0" ind2=" " tag="130"><subfield code="a">Cass County Republican (Virginia, Ill.)</subfield></datafield><datafield ind1="1" ind2="0" tag="245"><subfield code="a">Cass County Republican.</subfield></datafield><datafield ind1=" " ind2=" " tag="260"><subfield code="a">Virginia, Cass County, Ill. :</subfield><subfield code="b">Geo. A. Kikendall,</subfield><subfield code="c">1916-1917.</subfield></datafield><datafield ind1=" " ind2=" " tag="300"><subfield code="a">v.</subfield></datafield><datafield ind1=" " ind2=" " tag="310"><subfield code="a">Weekly</subfield></datafield><datafield ind1="0" ind2=" " tag="362"><subfield code="a">Vol. 1, no. 1 (June 16, 1916)-</subfield></datafield><datafield ind1="1" ind2=" " tag="362"><subfield code="a">Ceased Mar. 16, 1917?</subfield></datafield><datafield ind1=" " ind2=" " tag="580"><subfield code="a">Merged with: Virginia gazette (Virginia, Ill. : 1872), to form: Republican-gazette (Virginia, Ill.).</subfield></datafield><datafield ind1=" " ind2=" " tag="588"><subfield code="a">Latest issue consulted: Mar. 9, 1917.</subfield></datafield><datafield ind1=" " ind2="0" tag="651"><subfield code="a">Cass County (Ill.)</subfield><subfield code="v">Newspapers.</subfield></datafield><datafield ind1=" " ind2="7" tag="655"><subfield code="a">Newspapers.</subfield><subfield code="2">fast</subfield><subfield code="0">(OCoLC)fst01423814</subfield></datafield><datafield ind1=" " ind2="7" tag="651"><subfield code="a">Illinois</subfield><subfield code="z">Cass County.</subfield><subfield code="2">fast</subfield><subfield code="0">(OCoLC)fst01206378</subfield></datafield><datafield ind1=" " ind2=" " tag="752"><subfield code="a">United States</subfield><subfield code="b">Illinois</subfield><subfield code="c">Cass</subfield><subfield code="d">Virginia.</subfield></datafield><datafield ind1="1" ind2="7" tag="785"><subfield code="t">Virginia gazette (Virginia, Ill. : 1872)</subfield><subfield code="w">(DLC)sn 86063881</subfield><subfield code="w">(OCoLC)13483931</subfield></datafield><datafield ind1="1" ind2="7" tag="785"><subfield code="t">Republican-gazette (Virginia, Ill.)</subfield><subfield code="w">(DLC)sn 91054743</subfield><subfield code="w">(OCoLC)24833737</subfield></datafield></record>